@misc {ROInets,
  title = {ROInets 2 - Amplitude envelope connectivity analysis},
  howpublished = {\url{https://ohba-analysis.github.io/osl-docs/matlab/osl_example_roinets_2_manual.html}},
  note = {Accessed: 2018-11-18}
}

@article{Bannister2017,
  doi = {10.1002/qj.2982},
  url = {https://doi.org/10.1002/qj.2982},
  year  = {2017},
  month = {jan},
  publisher = {Wiley},
  volume = {143},
  number = {703},
  pages = {607--633},
  author = {R. N. Bannister},
  title = {A review of operational methods of variational and ensemble-variational data assimilation},
  journal = {Quarterly Journal of the Royal Meteorological Society}
}

@article{Houtekamer2016,
  doi = {10.1175/mwr-d-15-0440.1},
  url = {https://doi.org/10.1175/mwr-d-15-0440.1},
  year  = {2016},
  month = {dec},
  publisher = {American Meteorological Society},
  volume = {144},
  number = {12},
  pages = {4489--4532},
  author = {P. L. Houtekamer and Fuqing Zhang},
  title = {Review of the Ensemble Kalman Filter for Atmospheric Data Assimilation},
  journal = {Monthly Weather Review}
}

@article{Hunt2007,
  doi = {10.1016/j.physd.2006.11.008},
  url = {https://doi.org/10.1016/j.physd.2006.11.008},
  year  = {2007},
  month = {jun},
  publisher = {Elsevier {BV}},
  volume = {230},
  number = {1-2},
  pages = {112--126},
  author = {Brian R. Hunt and Eric J. Kostelich and Istvan Szunyogh},
  title = {Efficient data assimilation for spatiotemporal chaos: A local ensemble transform Kalman filter},
  journal = {Physica D: Nonlinear Phenomena}
}

@article{Tippett2003,
  url = {http://twister.caps.ou.edu/OBAN2016/TippettEtalMWR2003.pdf},
  year  = {2003},
  month = {july},
  publisher = {Monthly Weather Review},
  volume = {131},
  pages = {1485--1490},
  author = {Michael K. Tippett and Jeffrey L. Anderson and Craig H. Bishop and Thomas M. Hamill and Jeffrey S. Whitaker},
  title = {NOTES AND CORRESPONDENCE - Ensemble Square Root Filters},
  journal = {Monthly Weather Review},
  note = {Accessed: 2018-11-18}
}

@article{Dogar2017,
  doi = {10.1007/s12040-017-0804-4},
  url = {https://doi.org/10.1007/s12040-017-0804-4},
  year  = {2017},
  month = {mar},
  publisher = {Springer Nature},
  volume = {126},
  number = {2},
  author = {Muhammad Mubashar Dogar and Fred Kucharski and Syed Azharuddin},
  title = {Study of the global and regional climatic impacts of {ENSO} magnitude using {SPEEDY} {AGCM}},
  journal = {Journal of Earth System Science}
}

@misc {LETKFJMA,
  title = {Research activities of the local ensemble transform Kalman filter (LETKF) at JMA},
  year  = {2007},
  author = {Takemasa Miyoshi},
  howpublished = {\url{https://slideplayer.com/slide/12067418/}},
  note = {Accessed: 2018-11-18}
}

@string{iccv="IEEE International Conference on Computer Vision (ICCV)"}
@inproceedings{engel2013iccv,
  author={J. Engel and J. Sturm and D. Cremers},
  title={Semi-Dense Visual Odometry for a Monocular Camera},
  year= {2013},
  address={Sydney, Australia},
  month={December},
  booktitle = iccv,
  keywords={rgb-d, visual odometry, monocular, slam, semidense}
}

@article{Zhang2015,
  doi = {10.1016/j.patcog.2015.03.021},
  url = {https://doi.org/10.1016/j.patcog.2015.03.021},
  year  = {2015},
  month = {sep},
  publisher = {Elsevier {BV}},
  volume = {48},
  number = {9},
  pages = {2785--2797},
  author = {Wei-Chuan Zhang and Peng-Lang Shui},
  title = {Contour-based corner detection via angle difference of principal directions of anisotropic Gaussian directional derivatives},
  journal = {Pattern Recognition}
}

@article{Davison2007,
  doi = {10.1109/tpami.2007.1049},
  url = {https://doi.org/10.1109/tpami.2007.1049},
  year  = {2007},
  month = {jun},
  publisher = {Institute of Electrical and Electronics Engineers ({IEEE})},
  volume = {29},
  number = {6},
  pages = {1052--1067},
  author = {Andrew J. Davison and Ian D. Reid and Nicholas D. Molton and Olivier Stasse},
  title = {{MonoSLAM}: Real-Time Single Camera {SLAM}},
  journal = {{IEEE} Transactions on Pattern Analysis and Machine Intelligence}
}

@inproceedings{Davison2003,
 author = {Davison, Andrew J.},
 title = {Real-Time Simultaneous Localisation and Mapping with a Single Camera},
 booktitle = {Proceedings of the Ninth IEEE International Conference on Computer Vision - Volume 2},
 series = {ICCV '03},
 year = {2003},
 isbn = {0-7695-1950-4},
 pages = {1403--},
 url = {http://dl.acm.org/citation.cfm?id=946247.946734},
 acmid = {946734},
 publisher = {IEEE Computer Society},
 address = {Washington, DC, USA},
}

@article{Civera2008,
  doi = {10.1109/tro.2008.2003276},
  url = {https://doi.org/10.1109/tro.2008.2003276},
  year  = {2008},
  month = {oct},
  publisher = {Institute of Electrical and Electronics Engineers ({IEEE})},
  volume = {24},
  number = {5},
  pages = {932--945},
  author = {J. Civera and A.J. Davison and J. Montiel},
  title = {Inverse Depth Parametrization for Monocular {SLAM}},
  journal = {{IEEE} Transactions on Robotics}
}

@book{Hartley2004,
  Author = {Richard Hartley and Andrew Zisserman},
  Title = {Multiple View Geometry in Computer Vision},
  Publisher = {Cambridge University Press},
  Year = {2004},
  ISBN = {0521540518},
  URL = {https://www.amazon.com/Multiple-View-Geometry-Computer-Vision/dp/0521540518?SubscriptionId=AKIAIOBINVZYXZQZ2U3A&tag=chimbori05-20&linkCode=xm2&camp=2025&creative=165953&creativeASIN=0521540518}
}

@inproceedings{Swarninathan1999,
  doi = {10.1109/cvpr.1999.784714},
  url = {https://doi.org/10.1109/cvpr.1999.784714},
  publisher = {{IEEE} Comput. Soc},
  author = {R. Swarninathan and S.K. Nayar},
  title = {Non-metric calibration of wide-angle lenses and polycameras},
  year  = {1999},
  booktitle = {Proceedings. 1999 {IEEE} Computer Society Conference on Computer Vision and Pattern Recognition (Cat. No {PR}00149)}
}

@inproceedings{JianboShi1994,
  doi = {10.1109/cvpr.1994.323794},
  url = {https://doi.org/10.1109/cvpr.1994.323794},
  year  = {1994},
  publisher = {{IEEE} Comput. Soc. Press},
  author = {Jianbo Shi and  Tomasi},
  title = {Good features to track},
  booktitle = {Proceedings of {IEEE} Conference on Computer Vision and Pattern Recognition {CVPR}-94}
}

@article{Arulampalam2002,
  doi = {10.1109/78.978374},
  url = {https://doi.org/10.1109/78.978374},
  year  = {2002},
  publisher = {Institute of Electrical and Electronics Engineers ({IEEE})},
  volume = {50},
  number = {2},
  pages = {174--188},
  author = {M.S. Arulampalam and S. Maskell and N. Gordon and T. Clapp},
  title = {A tutorial on particle filters for online nonlinear/non-Gaussian Bayesian tracking},
  journal = {{IEEE} Transactions on Signal Processing}
}

@article{Comaniciu2002,
  doi = {10.1109/34.1000236},
  url = {https://doi.org/10.1109/34.1000236},
  year  = {2002},
  month = {may},
  publisher = {Institute of Electrical and Electronics Engineers ({IEEE})},
  volume = {24},
  number = {5},
  pages = {603--619},
  author = {D. Comaniciu and P. Meer},
  title = {Mean shift: a robust approach toward feature space analysis},
  journal = {{IEEE} Transactions on Pattern Analysis and Machine Intelligence}
}

@misc{Mandel2009,
  Author = {Jan Mandel},
  Title = {A Brief Tutorial on the Ensemble Kalman Filter},
  Year = {2009},
  Eprint = {arXiv:0901.3725},
}

@misc{Terejanu,
  title = {Extended Kalman Filter Tutorial},
  author = {Gabriel A. Terejanu},
  howpublished = {\url{https://www.cse.sc.edu/~terejanu/files/tutorialEKF.pdf}},
  note = {Accessed: 2018-11-18}
}

@misc{CSTheory,
  title = {Computer Science Notes},
  howpublished = {\url{http://www.sci.utah.edu/~gerig/CS6640-F2012/Materials/pseudoinverse-cis61009sl10.pdf}},
  note = {Accessed: 2018-11-18}
}

@misc{ADTheory,
  title = {Introduction to AUTOMATIC DIFFERENTIATION},
  author = {Alexey Radul},
  year = {2013},
  month = {aug},
  howpublished = {\url{https://alexey.radul.name/ideas/2013/introduction-to-automatic-differentiation/}},
  note = {Accessed: 2018-11-18}
}

@misc{Benedetti2014,
  title = {Tangent linear and adjoint models for variational data assimilation},
  author = {Angela Benedetti},
  year = {2014},
  month = {mar},
  howpublished = {\url{https://software.ecmwf.int/wiki/download/attachments/31916718/Benedetti-Tangent_linear_adjoint_models.pdf?api=v2}},
  note = {Accessed: 2018-11-18}
}

@article{Giering1998,
  doi = {10.1145/293686.293695},
  url = {https://doi.org/10.1145/293686.293695},
  year  = {1998},
  month = {dec},
  publisher = {Association for Computing Machinery ({ACM})},
  volume = {24},
  number = {4},
  pages = {437--474},
  author = {Ralf Giering and Thomas Kaminski},
  title = {Recipes for adjoint code construction},
  journal = {{ACM} Transactions on Mathematical Software}
}

@misc{SPEEDYTheory,
  title = {Description of the ICTP AGCM (SPEEDY) Version 40},
  author = {Franco Molteni and Fred Kucharski},
  howpublished = {\url{http://users.ictp.it/~kucharsk/speedy_description/km_ver40_appendixA.pdf}},
  note = {Accessed: 2018-11-18}
}

@misc{EdgeDetection,
  title = {Edge Detection},
  howpublished = {\url{https://www.cs.auckland.ac.nz/courses/compsci373s1c/PatricesLectures/Edge%20detection-Sobel_2up.pdf}},
  note = {Accessed: 2018-11-18}
}
